<record><leader>00000cas a22000001a 4500</leader><controlfield tag="001">32800607</controlfield><controlfield tag="007">hd afu---baca</controlfield><controlfield tag="007">hd bfu---baaa</controlfield><controlfield tag="008">950711d18631863lausr nea     0    0eng c</controlfield><datafield ind1=" " ind2=" " tag="010"><subfield code="a">sn 94093133 </subfield></datafield><datafield ind1=" " ind2=" " tag="040"><subfield code="a">NN</subfield><subfield code="b">eng</subfield><subfield code="c">RQM</subfield><subfield code="d">OCL</subfield><subfield code="d">OCLCQ</subfield><subfield code="d">OCLCF</subfield><subfield code="d">OCLCO</subfield><subfield code="d">OCL</subfield><subfield code="d">OCLCQ</subfield><subfield code="d">OCLCA</subfield></datafield><datafield ind1=" " ind2=" " tag="012"><subfield code="i">9507</subfield></datafield><datafield ind1=" " ind2=" " tag="042"><subfield code="a">pcc</subfield></datafield><datafield ind1=" " ind2=" " tag="043"><subfield code="a">n-us-la</subfield><subfield code="a">n-us---</subfield></datafield><datafield ind1="0" ind2="4" tag="245"><subfield code="a">The letter H.</subfield></datafield><datafield ind1=" " ind2=" " tag="260"><subfield code="a">Camp Parapet [i.e. New Orleans], La. :</subfield><subfield code="b">Co. H, 26th Regiment, C.V.M.,</subfield><subfield code="c">1863-</subfield></datafield><datafield ind1=" " ind2=" " tag="300"><subfield code="a">volumes</subfield></datafield><datafield ind1=" " ind2=" " tag="310"><subfield code="a">Semimonthly</subfield></datafield><datafield ind1=" " ind2=" " tag="336"><subfield code="a">text</subfield><subfield code="b">txt</subfield><subfield code="2">rdacontent</subfield></datafield><datafield ind1=" " ind2=" " tag="337"><subfield code="a">microform</subfield><subfield code="b">h</subfield><subfield code="2">rdamedia</subfield></datafield><datafield ind1=" " ind2=" " tag="338"><subfield code="a">microfilm reel</subfield><subfield code="b">hd</subfield><subfield code="2">rdacarrier</subfield></datafield><datafield ind1="0" ind2=" " tag="362"><subfield code="a">Vol. 1, no. 1 (Mar. 2, 1863)-</subfield></datafield><datafield ind1="1" ind2=" " tag="362"><subfield code="a">Ceased in Mar. 1863?</subfield></datafield><datafield ind1=" " ind2=" " tag="500"><subfield code="a">Camp Parapet was located at Carrollton, La., now part of New Orleans.</subfield></datafield><datafield ind1=" " ind2=" " tag="500"><subfield code="a">Editors: J.M. Mosher, C. Bennett, 2d.</subfield></datafield><datafield ind1=" " ind2=" " tag="533"><subfield code="a">Microfilm.</subfield><subfield code="m">Mar. 16,1863.</subfield><subfield code="b">New York :</subfield><subfield code="c">New York Public Library,</subfield><subfield code="d">[19--].</subfield><subfield code="e">microfilm reels ; 35 mm.</subfield><subfield code="n">On film with other titles of the same subject.</subfield></datafield><datafield ind1=" " ind2="0" tag="651"><subfield code="a">New Orleans (La.)</subfield><subfield code="v">Newspapers.</subfield></datafield><datafield ind1=" " ind2="0" tag="651"><subfield code="a">United States</subfield><subfield code="x">History</subfield><subfield code="y">Civil War, 1861-1865</subfield><subfield code="v">Newspapers.</subfield></datafield><datafield ind1="2" ind2="7" tag="611"><subfield code="a">American Civil War (1861-1865)</subfield><subfield code="2">fast</subfield><subfield code="0">(OCoLC)fst01351658</subfield></datafield><datafield ind1=" " ind2="7" tag="651"><subfield code="a">Louisiana</subfield><subfield code="z">New Orleans.</subfield><subfield code="2">fast</subfield><subfield code="0">(OCoLC)fst01204311</subfield></datafield><datafield ind1=" " ind2="7" tag="651"><subfield code="a">United States.</subfield><subfield code="2">fast</subfield><subfield code="0">(OCoLC)fst01204155</subfield></datafield><datafield ind1=" " ind2="7" tag="648"><subfield code="a">1861-1865</subfield><subfield code="2">fast</subfield></datafield><datafield ind1=" " ind2="7" tag="655"><subfield code="a">History.</subfield><subfield code="2">fast</subfield><subfield code="0">(OCoLC)fst01411628</subfield></datafield><datafield ind1=" " ind2="7" tag="655"><subfield code="a">Newspapers.</subfield><subfield code="2">fast</subfield><subfield code="0">(OCoLC)fst01423814</subfield></datafield><datafield ind1="1" ind2=" " tag="710"><subfield code="a">United States.</subfield><subfield code="b">Army.</subfield><subfield code="b">Connecticut Infantry Regiment, 26th (1862-1863)</subfield></datafield><datafield ind1=" " ind2=" " tag="752"><subfield code="a">United States</subfield><subfield code="b">Louisiana</subfield><subfield code="c">Orleans</subfield><subfield code="d">New Orleans.</subfield></datafield><datafield ind1=" " ind2=" " tag="752"><subfield code="a">United States</subfield><subfield code="b">Louisiana</subfield><subfield code="c">Jefferson</subfield><subfield code="d">Carrollton.</subfield></datafield><datafield ind1="0" ind2=" " tag="775"><subfield code="t">Twenty-sixth</subfield></datafield><datafield ind1="1" ind2=" " tag="776"><subfield code="c">Original</subfield><subfield code="w">(DLC)sn 86053679</subfield></datafield><datafield ind1=" " ind2=" " tag="850"><subfield code="a">NN</subfield><subfield code="a">NN (master)</subfield></datafield><datafield ind1="1" ind2=" " tag="029"><subfield code="a">AU@</subfield><subfield code="b">000011871479</subfield></datafield></record>